@inproceedings{ref1,
 author = {Li, Wen-Syan and Clifton, Chris},
 title = {Semantic Integration in Heterogeneous Databases Using Neural Networks},
 booktitle = {Proceedings of the 20th International Conference on Very Large Data Bases},
 series = {VLDB '94},
 year = {1994},
 isbn = {1-55860-153-8},
 pages = {1--12},
 numpages = {12},
 url = {http://dl.acm.org/citation.cfm?id=645920.672826},
 acmid = {672826},
 publisher = {Morgan Kaufmann Publishers Inc.},
 address = {San Francisco, CA, USA},
}

@inproceedings{ref2,
 author = {Doan, AnHai and Domingos, Pedro and Halevy, Alon Y.},
 title = {Reconciling Schemas of Disparate Data Sources: A Machine-learning Approach},
 booktitle = {Proceedings of the 2001 ACM SIGMOD International Conference on Management of Data},
 series = {SIGMOD '01},
 year = {2001},
 isbn = {1-58113-332-4},
 location = {Santa Barbara, California, USA},
 pages = {509--520},
 numpages = {12},
 url = {http://doi.acm.org/10.1145/375663.375731},
 doi = {10.1145/375663.375731},
 acmid = {375731},
 publisher = {ACM},
 address = {New York, NY, USA},
}

@inproceedings{ref4,
 author = {Berlin, Jacob and Motro, Amihai},
 title = {Database Schema Matching Using Machine Learning with Feature Selection},
 booktitle = {Proceedings of the 14th International Conference on Advanced Information Systems Engineering},
 series = {CAiSE '02},
 year = {2002},
 isbn = {3-540-43738-X},
 pages = {452--466},
 numpages = {15},
 url = {http://dl.acm.org/citation.cfm?id=646090.680403},
 acmid = {680403},
 publisher = {Springer-Verlag},
 address = {London, UK, UK},
}

@inproceedings{ref3,
 author = {Madhavan, Jayant and Bernstein, Philip A. and Rahm, Erhard},
 title = {Generic Schema Matching with Cupid},
 booktitle = {Proceedings of the 27th International Conference on Very Large Data Bases},
 series = {VLDB '01},
 year = {2001},
 isbn = {1-55860-804-4},
 pages = {49--58},
 numpages = {10},
 url = {http://dl.acm.org/citation.cfm?id=645927.672191},
 acmid = {672191},
 publisher = {Morgan Kaufmann Publishers Inc.},
 address = {San Francisco, CA, USA},
}