@inproceedings{ref1,
 author = {Li, Wen-Syan and Clifton, Chris},
 title = {Semantic Integration in Heterogeneous Databases Using Neural Networks},
 booktitle = {Proceedings of the 20th International Conference on Very Large Data Bases},
 series = {VLDB '94},
 year = {1994},
 isbn = {1-55860-153-8},
 pages = {1--12},
 numpages = {12},
 url = {http://dl.acm.org/citation.cfm?id=645920.672826},
 acmid = {672826},
 publisher = {Morgan Kaufmann Publishers Inc.},
 address = {San Francisco, CA, USA},
}


@inproceedings{ref2,
 author = {Berlin, Jacob and Motro, Amihai},
 title = {Database Schema Matching Using Machine Learning with Feature Selection},
 booktitle = {Proceedings of the 14th International Conference on Advanced Information Systems Engineering},
 series = {CAiSE '02},
 year = {2002},
 isbn = {3-540-43738-X},
 pages = {452--466},
 numpages = {15},
 url = {http://dl.acm.org/citation.cfm?id=646090.680403},
 acmid = {680403},
 publisher = {Springer-Verlag},
 address = {London, UK, UK},
}


@inproceedings{ref3,
 author = {Madhavan, Jayant and Bernstein, Philip A. and Rahm, Erhard},
 title = {Generic Schema Matching with Cupid},
 booktitle = {Proceedings of the 27th International Conference on Very Large Data Bases},
 series = {VLDB '01},
 year = {2001},
 isbn = {1-55860-804-4},
 pages = {49--58},
 numpages = {10},
 url = {http://dl.acm.org/citation.cfm?id=645927.672191},
 acmid = {672191},
 publisher = {Morgan Kaufmann Publishers Inc.},
 address = {San Francisco, CA, USA},
}


@inproceedings{ref4,
 author = {Madhavan, Jayant and Bernstein, Philip A. and Doan, AnHai and Halevy, Alon},
 title = {Corpus-Based Schema Matching},
 booktitle = {Proceedings of the 21st International Conference on Data Engineering},
 series = {ICDE '05},
 year = {2005},
 isbn = {0-7695-2285-8},
 pages = {57--68},
 numpages = {12},
 url = {http://dx.doi.org/10.1109/ICDE.2005.39},
 doi = {10.1109/ICDE.2005.39},
 acmid = {1054030},
 publisher = {IEEE Computer Society},
 address = {Washington, DC, USA},
}


@INPROCEEDINGS{ref5,
author={Qian Ying and Yue Liwen and Liu Zhenglin},
booktitle={2008 27th Chinese Control Conference},
title={Discovering complex matches between database schemas},
year={2008},
pages={663-667},
keywords={data mining;database management systems;CSM;automating schema matching;complex matches discovery;complex schema matching system;database schema matching;Control engineering education;Data mining;Data models;Data warehouses;Educational institutions;Educational technology;Electronic mail;Matched filters;Relational databases;Semantic Web;Clustering;Complex match;Schema matching;Similarity},
doi={10.1109/CHICC.2008.4605164},
ISSN={1934-1768},
month={July},}


@Book{SOM,
  Title                    = {Self-Organizing Maps},
  Annote                   = {SIGNATUR = 744.911},
  Author                   = {Teuvo Kohonen},
  Keywords                 = {NEURAL NETWORKS artifical},
  Publisher                = {Springer},
  Year                     = {1997},
  Place                    = {Favoritenstrasse 9/4th Floor/1863}
}